@misc{zhang2015novel,
    title={A Novel Implementation of QuickHull Algorithm on the GPU},
    author={Jiayin Zhang and Gang Mei and Nengxiong Xu and Kunyang Zhao},
    year={2015},
    eprint={1501.04706},
    archivePrefix={arXiv},
    primaryClass={cs.CG}
}
@article{andrew1979another,
  title={Another efficient algorithm for convex hulls in two dimensions},
  author={Andrew, Alex M},
  journal={Information Processing Letters},
  volume={9},
  number={5},
  pages={216--219},
  year={1979},
  publisher={Elsevier}
}
@article{blelloch1996parallel,
  title={Parallel algorithms},
  author={Blelloch, Guy E and Maggs, Bruce M},
  journal={ACM Computing Surveys (CSUR)},
  volume={28},
  number={1},
  pages={51--54},
  year={1996},
  publisher={ACM New York, NY, USA}
}
@article{Mei_2016,
   title={CudaChain: an alternative algorithm for finding 2D convex hulls on the GPU},
   volume={5},
   ISSN={2193-1801},
   url={http://dx.doi.org/10.1186/s40064-016-2284-4},
   DOI={10.1186/s40064-016-2284-4},
   number={1},
   journal={SpringerPlus},
   publisher={Springer Science and Business Media LLC},
   author={Mei, Gang},
   year={2016},
   month={May}
}
@article{Graham_72,
   title={An Efficient Algorithm for Determining the Convex Hull of a Finite Planar Set},
   author={Graham, R.L.},
   journal={Information Processing Letters},
   pages={132--133},
   url={http://www.math.ucsd.edu/~ronspubs/72_10_convex_hull.pdf},
   DOI={10.1016/0020-0190(72)90045-2.},
   year={1972}
}
@inproceedings{srikanth2009parallelizing,
  title={Parallelizing two dimensional convex hull on NVIDIA GPU and Cell BE},
  author={Srikanth, D and Kothapalli, Kishore and Govindarajulu, R and Narayanan, P},
  booktitle={International conference on high performance computing (HiPC)},
  pages={1--5},
  year={2009}
}
@inproceedings{srungarapu2011fast,
  title={Fast two dimensional convex hull on the GPU},
  author={Srungarapu, Srikanth and Reddy, Durga Prasad and Kothapalli, Kishore and Narayanan, PJ},
  booktitle={2011 IEEE Workshops of International Conference on Advanced Information Networking and Applications},
  pages={7--12},
  year={2011},
  organization={IEEE}
}
@article{tzeng2012finding,
  title={Finding convex hulls using Quickhull on the GPU},
  author={Tzeng, Stanley and Owens, John D},
  journal={arXiv preprint arXiv:1201.2936},
  year={2012}
}
@misc{repo,
    author       = {Qin and Valenzuela},
    title        = {{PARALLEL ALGORITHMS FOR CONVEX HULL}},
    month        = Aug,
    year         = 2020,
    version      = {1.0},
    url          = {https://github.com/jvalenzuelaochoa/parallel-algs-finalProj}
    }
